<?xml version="1.0"?>
<collection xmlns="http://www.loc.gov/MARC21/slim">
  <record>
    <leader>01768nam a2200385 a 4500</leader>
    <controlfield tag="001">cihm_29079</controlfield>
    <controlfield tag="003">CaSfIA</controlfield>
    <controlfield tag="005">20151008010651.0</controlfield>
    <controlfield tag="007">cr||||||||||||</controlfield>
    <controlfield tag="008">831208s1830    nyua    b     000 0 eng d</controlfield>
    <datafield tag="020" ind1=" " ind2=" ">
      <subfield code="a">0665290799</subfield>
    </datafield>
    <datafield tag="035" ind1=" " ind2=" ">
      <subfield code="a">ocn317761664</subfield>
    </datafield>
    <datafield tag="040" ind1=" " ind2=" ">
      <subfield code="a">CaOOCIHM</subfield>
      <subfield code="b">eng</subfield>
      <subfield code="d">AEU</subfield>
      <subfield code="d">CaSfIA</subfield>
    </datafield>
    <datafield tag="043" ind1=" " ind2=" ">
      <subfield code="a">n-usl--</subfield>
      <subfield code="a">n-cn-on</subfield>
      <subfield code="a">n-cn-qu</subfield>
    </datafield>
    <datafield tag="082" ind1="0" ind2=" ">
      <subfield code="a">917.304</subfield>
      <subfield code="2">19</subfield>
    </datafield>
    <datafield tag="090" ind1=" " ind2=" ">
      <subfield code="a">FC 02 0203 no. 29079</subfield>
      <subfield code="b">AEU</subfield>
    </datafield>
    <datafield tag="100" ind1="1" ind2=" ">
      <subfield code="a">Davison, G. M.</subfield>
      <subfield code="q">(Gideon Miner),</subfield>
      <subfield code="d">1791?-1869</subfield>
    </datafield>
    <datafield tag="245" ind1="1" ind2="4">
      <subfield code="a">The fashionable tour</subfield>
      <subfield code="h">[electronic resource] </subfield>
      <subfield code="b">a guide to travellers visiting the middle and northern states, and the provinces of Canada.</subfield>
    </datafield>
    <datafield tag="250" ind1=" " ind2=" ">
      <subfield code="a">4th ed., enl. and improved.</subfield>
    </datafield>
    <datafield tag="260" ind1=" " ind2=" ">
      <subfield code="a">Saratoga Springs [N.Y.] :</subfield>
      <subfield code="b">G.M. Davison;</subfield>
      <subfield code="a">New York :</subfield>
      <subfield code="b">G. &amp; C. &amp; H. Carvill,</subfield>
      <subfield code="c">1830.</subfield>
    </datafield>
    <datafield tag="300" ind1=" " ind2=" ">
      <subfield code="a">5 microfiches (235 fr.) :</subfield>
      <subfield code="b">ill.</subfield>
    </datafield>
    <datafield tag="490" ind1="1" ind2=" ">
      <subfield code="a">CIHM/ICMH Microfiche series = CIHM/ICMH collection de microfiches ;</subfield>
      <subfield code="v">no. 29079</subfield>
    </datafield>
    <datafield tag="500" ind1=" " ind2=" ">
      <subfield code="a">Author's name appears in imprint and in other editions.</subfield>
    </datafield>
    <datafield tag="533" ind1=" " ind2=" ">
      <subfield code="a">Filmed from a copy of the original publication held by the Library of the Public Archives of Canada.</subfield>
      <subfield code="b">Ottawa :</subfield>
      <subfield code="c">Canadian Institute for Historical Microreproductions,</subfield>
      <subfield code="d">1982.</subfield>
    </datafield>
    <datafield tag="534" ind1=" " ind2=" ">
      <subfield code="e">xiv, 434 p. ; 15 cm.</subfield>
    </datafield>
    <datafield tag="596" ind1=" " ind2=" ">
      <subfield code="a">43</subfield>
    </datafield>
    <datafield tag="651" ind1=" " ind2="0">
      <subfield code="a">Atlantic States</subfield>
      <subfield code="x">Description and travel</subfield>
      <subfield code="x">Guide-books.</subfield>
    </datafield>
    <datafield tag="651" ind1=" " ind2="0">
      <subfield code="a">Ontario</subfield>
      <subfield code="x">Description and travel</subfield>
      <subfield code="x">Guide-books.</subfield>
    </datafield>
    <datafield tag="651" ind1=" " ind2="0">
      <subfield code="a">Quebec (Province)</subfield>
      <subfield code="x">Description and travel</subfield>
      <subfield code="x">Guide-books.</subfield>
    </datafield>
    <datafield tag="651" ind1=" " ind2="6">
      <subfield code="a">&#xC3;&#x89;tats de l'Atlantique (&#xC3;&#x89;tats-Unis)</subfield>
      <subfield code="x">Descriptions et voyages</subfield>
      <subfield code="x">Gui</subfield>
    </datafield>
    <!-- No separator at end of field length=75 -->
    <datafield tag="651" ind1="e" ind2="s">
      <subfield code=""/>
    </datafield>
    <!-- Separator but not at end of field length=46 -->
    <datafield tag="651" ind1="e" ind2="s">
      <subfield code=""/>
    </datafield>
    <!-- Separator but not at end of field length=57 -->
    <datafield tag="830" ind1="i" ind2="d">
      <subfield code="s">.</subfield>
    </datafield>
    <!-- Separator but not at end of field length=45 -->
    <datafield tag="856" ind1="4" ind2="1">
      <subfield code="u">http://archive.org/details/cihm_29079</subfield>
      <subfield code="z">Free eBook from the Internet Archive</subfield>
    </datafield>
    <!-- Separator but not at end of field length=22 -->
    <datafield tag="016" ind1="M" ind2="M">
      <subfield code="R">E</subfield>
    </datafield>
    <!-- Separator but not at end of field length=15 -->
    <!-- Separator but not at end of field length=58 -->
  </record>
</collection>
